<record><leader>00000cas a22000007a 4500</leader><controlfield tag="001">28087543</controlfield><controlfield tag="008">930511d1914191unmuwr ne      0    0eng d</controlfield><datafield ind1=" " ind2=" " tag="010"><subfield code="a">sn 93061654 </subfield></datafield><datafield ind1=" " ind2=" " tag="040"><subfield code="a">NVM</subfield><subfield code="b">eng</subfield><subfield code="c">NVM</subfield><subfield code="d">OCLCQ</subfield></datafield><datafield ind1=" " ind2=" " tag="042"><subfield code="a">msc</subfield></datafield><datafield ind1=" " ind2=" " tag="043"><subfield code="a">n-us-nm</subfield></datafield><datafield ind1="0" ind2=" " tag="130"><subfield code="a">Developer (Mills, N.M.)</subfield></datafield><datafield ind1="1" ind2="4" tag="245"><subfield code="a">The developer.</subfield></datafield><datafield ind1=" " ind2=" " tag="260"><subfield code="a">Mills, Mora County, N.M. :</subfield><subfield code="b">Developer Co.</subfield></datafield><datafield ind1=" " ind2=" " tag="300"><subfield code="a">v.</subfield></datafield><datafield ind1=" " ind2=" " tag="310"><subfield code="a">Weekly</subfield></datafield><datafield ind1="1" ind2=" " tag="362"><subfield code="a">Began Oct. 8, 1914.</subfield></datafield><datafield ind1=" " ind2=" " tag="500"><subfield code="a">Harding County formed in 1921.</subfield></datafield><datafield ind1=" " ind2=" " tag="530"><subfield code="a">Also on microfilm: Albuquerque, N.M. : University of New Mexico Library.</subfield></datafield><datafield ind1=" " ind2=" " tag="588"><subfield code="a">Description based on: Vol. 2, no. 18 (Feb. 3, 1916).</subfield></datafield><datafield ind1=" " ind2="4" tag="651"><subfield code="a">Mills (N.M.)</subfield><subfield code="v">Newspapers.</subfield></datafield><datafield ind1=" " ind2="4" tag="651"><subfield code="a">Harding County (N.M.)</subfield><subfield code="v">Newspapers.</subfield></datafield><datafield ind1=" " ind2="4" tag="651"><subfield code="a">Mora County (N.M.)</subfield><subfield code="v">Newspapers.</subfield></datafield><datafield ind1=" " ind2=" " tag="752"><subfield code="a">United States</subfield><subfield code="b">New Mexico</subfield><subfield code="c">Harding</subfield><subfield code="d">Mills.</subfield></datafield><datafield ind1="0" ind2="0" tag="785"><subfield code="t">Mills developer</subfield><subfield code="w">(DLC)sn 93061655</subfield></datafield></record>